@article{article,
author = {Ling, Zhen and Yan, Huaiyu and Shao, Xinhui and Luo, Junzhou and Xu, Yiling and Pearson, Bryan and Fu, Xinwen},
year = {2021},
month = {07},
pages = {102240},
title = {Secure boot, trusted boot and remote attestation for ARM TrustZone-based IoT Nodes},
volume = {119},
journal = {Journal of Systems Architecture},
doi = {10.1016/j.sysarc.2021.102240}
}
